<?xml version="1.0" encoding="UTF-8" ?>
<record Numero="13910895" format="InterXMarc_Complet" type="Authority">
<leader>00704c1 au22000272  45  <Pos Code="0004">00704</Pos>
<Pos Code="05" Sens="notice modifiée">c</Pos>
<Pos Code="06" Sens="notice validée en catalogage courant">1</Pos>
<Pos Code="08" Sens="notice d&apos;autorité">a</Pos>
<Pos Code="09" Sens="titre uniforme musical (TUM)">u</Pos>
<Pos Code="10">2</Pos>
<Pos Code="11">2</Pos>
<Pos Code="1216">00027</Pos>
<Pos Code="17" Sens="autres cas">2</Pos>
<Pos Code="20">4</Pos>
<Pos Code="21">5</Pos>
</leader>
<controlfield tag="001">FRBNF139108952<Pos Code="0001">FR</Pos>
<Pos Code="0204">BNF</Pos>
<Pos Code="0512">13910895</Pos>
<Pos Code="13">2</Pos>
</controlfield>
<controlfield tag="008">890821071010yy    su                  1717                   1   <Pos Code="0001">89</Pos>
<Pos Code="0203">08</Pos>
<Pos Code="0405">21</Pos>
<Pos Code="0607">07</Pos>
<Pos Code="0809">10</Pos>
<Pos Code="1011">10</Pos>
<Pos Code="1213" Sens="ne s&apos;applique pas">yy</Pos>
<Pos Code="1820">su </Pos>
<Pos Code="3841">1717</Pos>
<Pos Code="61" Sens="La vedette peut être liée à une notice bibliographique sauf pour l&apos;accès matière RAMEAU">1</Pos>
</controlfield>
<datafield tag="048" ind1=" " ind2=" ">
	<subfield code="a">kc01<Pos Code="0001" Sens="clavier - clavecin">kc</Pos>
<Pos Code="02">0</Pos>
<Pos Code="03">1</Pos>
</subfield>
</datafield>
<datafield tag="100" ind1=" " ind2=" ">
	<subfield code="3">13892793</subfield>
	<subfield code="w"> 0  b     </subfield>
	<subfield code="a">Couperin</subfield>
	<subfield code="m">François</subfield>
	<subfield code="d">1668-1733</subfield>
</datafield>
<datafield tag="144" ind1="1" ind2=" ">
	<subfield code="w">....b.fre.</subfield>
	<subfield code="a">Ordres</subfield>
	<subfield code="b">Clavecin</subfield>
	<subfield code="n">No 11</subfield>
	<subfield code="t">Do mineur et majeur</subfield>
</datafield>
<datafield tag="302" ind1=" " ind2=" ">
	<subfield code="3">14803929</subfield>
	<subfield code="a">Couperin</subfield>
	<subfield code="m">François</subfield>
	<subfield code="d">1668-1733</subfield>
	<subfield code="t" Barre="5">[Les grâces naturelles]</subfield>
</datafield>
<datafield tag="302" ind1=" " ind2=" ">
	<subfield code="3">14803930</subfield>
	<subfield code="a">Couperin</subfield>
	<subfield code="m">François</subfield>
	<subfield code="d">1668-1733</subfield>
	<subfield code="t" Barre="5">[Les fastes de la grande et ancienne Mxnxstrxndxsx]</subfield>
</datafield>
<datafield tag="502" ind1=" " ind2=" ">
	<subfield code="3">14811375</subfield>
	<subfield code="a">Couperin</subfield>
	<subfield code="m">François</subfield>
	<subfield code="d">1668-1733</subfield>
	<subfield code="t">[Pièces de clavecin. Livre 2]</subfield>
</datafield>
<datafield tag="600" ind1=" " ind2=" ">
	<subfield code="a">Comprend : &quot;La Castelane&quot;, &quot;L&apos;étincelante ou la Bontems&quot;, &quot;Les graces-naturéles&quot;, &quot;La Zénobie&quot;, &quot;Les fastes de la grande et anciénne Mxnxstrxndxsx&quot;</subfield>
</datafield>
<datafield tag="610" ind1=" " ind2=" ">
	<subfield code="a">Cauchie, Couperin</subfield>
</datafield>
<datafield tag="917" ind1=" " ind2=" ">
	<subfield code="o">OPC</subfield>
	<subfield code="a">100396250</subfield>
</datafield>
<Alter Ori="13892793">
<datafield tag="400" ind1=" " ind2=" ">
	<subfield code="w">    b     </subfield>
	<subfield code="a">Couperin le grand</subfield>
	<subfield code="d">1668-1733</subfield>
</datafield>
</Alter>
<Attr Nom="IDPerenne">ark:/12148/cb139108952</Attr>
<Attr Nom="NumSource">OPC 100396250</Attr>
<Attr Nom="Source" Sens="BnF catalogue général (depuis 1999)">A</Attr>
<Attr Nom="NumAutoriteLiee">13892793148039291480393014811375</Attr>
<Attr Nom="DateCreation">21/08/ 1989</Attr>
<Attr Nom="ResponsableCreation">MIGV2</Attr>
<Attr Nom="StructCreation">1</Attr>
<Attr Nom="DateDerniereValidation">08/11/ 2010</Attr>
<Attr Nom="ResponsableDerniereValidation">MIGV4</Attr>
<Attr Nom="StructPremiereValidation">1</Attr>
<Attr Nom="DatePremiereValidation">21/08/ 1989</Attr>
<Attr Nom="ResponsablePremiereValidation">MIGV2</Attr>
<Attr Nom="StructDerniereValidation">1</Attr>
<Attr Nom="NumSource">OPP 13859715</Attr>
</record>
